<record><leader>00000cas a2200000 a 4500</leader><controlfield tag="001">28363957</controlfield><controlfield tag="008">930701d19101959iluwr ne      0   a0eng c</controlfield><datafield ind1=" " ind2=" " tag="010"><subfield code="a">sn 93055736 </subfield></datafield><datafield ind1=" " ind2=" " tag="040"><subfield code="a">NVF</subfield><subfield code="b">eng</subfield><subfield code="c">NVF</subfield><subfield code="d">NVF</subfield><subfield code="d">OCLCQ</subfield><subfield code="d">NVF</subfield><subfield code="d">OCLCF</subfield><subfield code="d">OCLCO</subfield></datafield><datafield ind1=" " ind2=" " tag="042"><subfield code="a">pcc</subfield></datafield><datafield ind1=" " ind2=" " tag="043"><subfield code="a">n-us-il</subfield></datafield><datafield ind1="0" ind2="4" tag="245"><subfield code="a">The Argus-search light.</subfield></datafield><datafield ind1="3" ind2=" " tag="246"><subfield code="a">Argus search light</subfield></datafield><datafield ind1="3" ind2=" " tag="246"><subfield code="a">Argus searchlight</subfield></datafield><datafield ind1=" " ind2=" " tag="260"><subfield code="a">Astoria, Fulton Co., Ill. :</subfield><subfield code="b">A.N. Price,</subfield><subfield code="c">1910-1959.</subfield></datafield><datafield ind1=" " ind2=" " tag="300"><subfield code="a">v.</subfield></datafield><datafield ind1=" " ind2=" " tag="310"><subfield code="a">Weekly</subfield></datafield><datafield ind1="0" ind2=" " tag="362"><subfield code="a">Vol. 30, no. 43 (June 9, 1910)-v. 82, no. 14 (Nov. 4, 1959).</subfield></datafield><datafield ind1=" " ind2=" " tag="515"><subfield code="a">Continues the numbering of Astoria Argus.</subfield></datafield><datafield ind1=" " ind2=" " tag="580"><subfield code="a">Formed by the union of: Astoria Argus and: Astoria search light.</subfield></datafield><datafield ind1=" " ind2="0" tag="651"><subfield code="a">Astoria (Ill.)</subfield><subfield code="v">Newspapers.</subfield></datafield><datafield ind1=" " ind2="7" tag="655"><subfield code="a">Newspapers.</subfield><subfield code="2">fast</subfield><subfield code="0">(OCoLC)fst01423814</subfield></datafield><datafield ind1=" " ind2="7" tag="651"><subfield code="a">Illinois</subfield><subfield code="z">Astoria.</subfield><subfield code="2">fast</subfield><subfield code="0">(OCoLC)fst01868655</subfield></datafield><datafield ind1=" " ind2=" " tag="752"><subfield code="a">United States</subfield><subfield code="b">Illinois</subfield><subfield code="c">Fulton</subfield><subfield code="d">Astoria.</subfield></datafield><datafield ind1="1" ind2="4" tag="780"><subfield code="t">Astoria Argus</subfield><subfield code="w">(DLC)sn 93055734</subfield><subfield code="w">(OCoLC)28363805</subfield></datafield><datafield ind1="1" ind2="4" tag="780"><subfield code="t">Astoria search light</subfield><subfield code="w">(DLC)sn 93055735</subfield><subfield code="w">(OCoLC)28363879</subfield></datafield><datafield ind1="0" ind2="0" tag="785"><subfield code="t">Astoria Argus-searchlight</subfield><subfield code="w">(DLC)sn 93055737</subfield><subfield code="w">(OCoLC)28364033</subfield></datafield></record>